@online{redhat,
	title = "Red Hat",
	organization = "Red Hat",
	url = "http://www.redhat.com/en/about",
	urldate = "2016-03-25"
}

@online{tomcat,
	title = "Tomcat",
	organization = "Apache Foundation",
	url = "http://tomcat.apache.org/",
	urldate = "2016-03-25"
}

@online{tomcat-native,
	title = "Tomcat Native",
	organization = "Apache Foundation",
	url = "http://tomcat.apache.org/native-doc/",
	urldate = "2016-03-25"
}

@online{undertow,
	title = "Undertow Documentation",
	organization = "Red Hat",
	url = "http://undertow.io/documentation.html",
	urldate = "2016-03-25"
}

@online{workplan,
	title = "Tomcat Native 2 Workplan",
	url = "https://github.com/jocelynthode/tomcat-native2-doc/wiki/Workplan",
	urldate = "2016-03-25"
}
